@online{mineq,
    author        = {Minist√®re de l'Equipement du transport de la logistique et de l'eau},
    title         = {Transports routiers},
    url           = {http://www.equipement.gov.ma/Transport-routier/Carte-grise/Pages/Differents-modeles-de-plaques-d-immatriculation-.aspx},
    year = {12-07-2021}
}
@online{doubangosite,
    author        = {Doubango AI},
    title         = {Pyramidal Search},
    year          = {2020},
    url           = {https://www.doubango.org/SDKs/anpr/docs/Pyramidal_search.html}
}
